<record><leader>00000cas a2200000 a 4500</leader><controlfield tag="001">8786419</controlfield><controlfield tag="008">820918d18381838iauwr ne      0    0eng  </controlfield><datafield ind1=" " ind2=" " tag="010"><subfield code="a">sn 82014466 </subfield></datafield><datafield ind1=" " ind2=" " tag="040"><subfield code="a">DLC</subfield><subfield code="b">eng</subfield><subfield code="c">DLC</subfield><subfield code="d">NPV</subfield><subfield code="d">INP</subfield><subfield code="d">DLC</subfield><subfield code="d">CVF</subfield><subfield code="d">OCLCO</subfield><subfield code="d">OCLCQ</subfield><subfield code="d">OCLCF</subfield></datafield><datafield ind1="1" ind2=" " tag="029"><subfield code="a">AU@</subfield><subfield code="b">000025818175</subfield></datafield><datafield ind1=" " ind2=" " tag="042"><subfield code="a">pcc</subfield></datafield><datafield ind1=" " ind2=" " tag="043"><subfield code="a">n-us-ia</subfield></datafield><datafield ind1="0" ind2="0" tag="050"><subfield code="a">Newspaper 7768-X</subfield></datafield><datafield ind1="0" ind2="4" tag="245"><subfield code="a">The Fort Madison patriot.</subfield></datafield><datafield ind1="1" ind2="3" tag="246"><subfield code="a">Patriot</subfield></datafield><datafield ind1=" " ind2=" " tag="260"><subfield code="a">Fort Madison, Lee Co., Wisc. Terr. [Iowa] :</subfield><subfield code="b">James G. Edwards,</subfield><subfield code="c">1838-</subfield></datafield><datafield ind1=" " ind2=" " tag="300"><subfield code="a">v. ;</subfield><subfield code="c">57 cm.</subfield></datafield><datafield ind1=" " ind2=" " tag="310"><subfield code="a">Weekly</subfield></datafield><datafield ind1="0" ind2=" " tag="362"><subfield code="a">Vol. 1, no. 1 (Mar. 24, 1838)-</subfield></datafield><datafield ind1="1" ind2=" " tag="362"><subfield code="a">Ceased in 1838.</subfield></datafield><datafield ind1=" " ind2="0" tag="651"><subfield code="a">Fort Madison (Iowa)</subfield><subfield code="v">Newspapers.</subfield></datafield><datafield ind1=" " ind2="7" tag="655"><subfield code="a">Newspapers.</subfield><subfield code="2">fast</subfield><subfield code="0">(OCoLC)fst01423814</subfield></datafield><datafield ind1=" " ind2="7" tag="651"><subfield code="a">Iowa</subfield><subfield code="z">Fort Madison.</subfield><subfield code="2">fast</subfield><subfield code="0">(OCoLC)fst01218585</subfield></datafield><datafield ind1=" " ind2=" " tag="752"><subfield code="a">United States</subfield><subfield code="b">Iowa</subfield><subfield code="c">Lee</subfield><subfield code="d">Fort Madison.</subfield></datafield><datafield ind1="0" ind2="0" tag="785"><subfield code="t">Burlington patriot (Burlington, Iowa)</subfield><subfield code="w">(DLC)sn 86061003</subfield></datafield></record>